@inproceedings{roberts,
title	= {A Hierarchical Latent Vector Model for Learning Long-Term Structure in Music},
author	= {Adam Roberts and Jesse Engel and Colin Raffel and Curtis Hawthorne and Douglas Eck},
year	= {2018},
URL	= {http://proceedings.mlr.press/v80/roberts18a.html}
}
@article{carter,
  title={Using artificial intelligence to augment human intelligence},
  author={Carter, Shan and Nielsen, Michael},
  journal={Distill},
  volume={2},
  number={12},
  pages={e9},
  year={2017}
}
@inproceedings{ha,
  title={A neural representation of sketch drawings},
  author={Ha, David and Eck, Douglas},
  journal={In sixth International Conference on Learning Representations},
  year={2018}
}
@inproceedings{engel,
  title={Neural audio synthesis of musical notes with wavenet autoencoders},
  author={Engel, Jesse and Resnick, Cinjon and Roberts, Adam and Dieleman, Sander and Eck, Douglas and Simonyan, Karen and Norouzi, Mohammad},
  journal={In International Conference on Machine Learning},
  year={2017b}
}
@inproceedings{bowman,
  title={Generating sentences from a continuous space},
  author={Bowman, Samuel R and Vilnis, Luke and Vinyals, Oriol and Dai, Andrew M and Jozefowicz, Rafal and Bengio, Samy},
  journal={In Proceedings of the Twentieth Conference on Computational Natural Language Learning},
  year={2016}
}
@article{huang,
  title={Deep learning for music},
  author={Huang, Allen and Wu, Raymond},
  journal={arXiv preprint arXiv:1606.04930},
  year={2016}
}
@misc{johnson,
  title={Composing music with recurrent neural networks},
  author={Johnson, Daniel},
  year={2015},
  publisher={Hexahedria}
}
@article{raffel,
	title={Learning-Based Methods for Comparing Sequences, with Applications to Audio-to-MIDI Alignment and Matching},
	author={Colin Raffel},
	journal={PhD Thesis},
	year={2016}

}
@article{pytorch,
  title={Automatic differentiation in PyTorch},
  author={Paszke, Adam and Gross, Sam and Chintala, Soumith and Chanan, Gregory and Yang, Edward and DeVito, Zachary and Lin, Zeming and Desmaison, Alban and Antiga, Luca and Lerer, Adam},
  year={2017}
}
