@inproceedings{47078,
title	= {A Hierarchical Latent Vector Model for Learning Long-Term Structure in Music},
author	= {Adam Roberts and Jesse Engel and Colin Raffel and Curtis Hawthorne and Douglas Eck},
year	= {2018},
URL	= {http://proceedings.mlr.press/v80/roberts18a.html}
}